@ARTICLE{A0,
  AUTHOR =       {Salah Abdallah and Riyad Abu-Mallouh},
  TITLE =        {Heating systems with PLC and frequency control},
  JOURNAL =      {Energy Conversion and Management},
  YEAR =         {2008},
  volume =       {49},
  pages =        {3356-3361}
}

@ARTICLE{A1,
  AUTHOR =       {Ramazan Bayindir and Yucel Cetinceviz},
  TITLE =        {A water pumping control system with a programmable logic controller (PLC)
                    and industrial wireless modules for industrial plants—An experimental setup},
  JOURNAL =      {ISA Transactions},
  YEAR =         {2011},
  volume =       {50},
  pages =        {321-328}
}

@article{A2,
  title={Advanced control algorithms embedded in a programmable logic controller},
  author={$Gerk\check{s}$i$\check{c}$, Samo and Dolanc, Gregor and Vran$\check{c}$i$\acute{c}$, Damir and Kocijan, Ju$\check{s}$ and Strm$\check{c}$nik, Stanko and Bla$\check{z}$i$\check{c}$, Sa $\check{s}$o and $\bar{S}$krjanc, Igor and Marin$\check{s}$ek, Zoran and Bo$\check{z}$i$\check{c}$ ek, Miha and Stathaki, Anna},
  journal={Control Engineering Practice},
  volume={14},
  number={8},
  pages={935-948},
  year={2006},
}
@article{A3,
  title={A fail safe programmable logic controller},
  author={$\acute{S}$nieżek, Marek and Stackelberg, Josef Von},
  journal={Annual Reviews in Control},
  volume={27},
  number={1},
  pages={63-72},
  year={2003},
}
@article{A4,
  title={Domain specific model-based development of software for programmable logic controllers},
  author={Kandare, Gregor and Nik, Stanislav and Godena, Giovanni},
  journal={Computers in Industry},
  volume={61},
  number={5},
  pages={419-431},
  year={2010},
}
@article{A5,
  title={Software design specification and analysis technique (SDSAT) for the development of safety-critical systems based on a programmable logic controller (PLC)},
  author={Koo, Seo Ryong and Seong, Poong Hyun},
  journal={Reliability Engineering \& System Safety},
  volume={91},
  number={6},
  pages={648-664},
  year={2006},
}
@article{A6,
  title={Exceptions in a Programmable Logic Controller implementation based on ADA},
  author={Plaza, Inmaculada and Medrano, Carlos},
  journal={Computers in Industry},
  volume={58},
  number={4},
  pages={347-354},
  year={2007},
}
@article{A7,
  title={Making CNC machine tools more open, interoperable and intelligent—a review of the technologies},
  author={Xu, X. W. and Newman, S. T.},
  journal={Computers in Industry},
  volume={57},
  number={2},
  pages={141-152},
  year={2006},
}
@article{A8,
  title={Process control in CNC manufacturing for discrete components: A STEP-NC compliant framework},
  author={Kumar, Sanjeev and Nassehi, Aydin and Newman, Stephen T and Allen, Richard D and Tiwari, Manoj K},
  journal={Robotics and Computer-Integrated Manufacturing},
  volume={23},
  number={6},
  pages={667-676},
  year={2007},
}
@article{A9,
  title={A novel open CNC architecture based on STEP-NC data model and IEC 61499 function blocks},
  author={Minhat, M. and Vyatkin, V. and Xu, X. and Wong, S. and Al-Bayaa, Z.},
  journal={Robotics and Computer-Integrated Manufacturing},
  volume={25},
  number={3},
  pages={560-569},
  year={2009},
}
@article{A10,
  title={Open architecture of CNC system research based on CAD graph-driven technology},
  author={Li, Pengfei and Gao, Tao and Wang, Jianping and Liu, Hongzhao},
  journal={Robotics and Computer-Integrated Manufacturing},
  volume={26},
  number={6},
  pages={720-724},
  year={2010},
}
@book{A11,
author = "Karl-Heinz John and Michael Tiegelkamp",
title = "Programming industrial automation systems IEC 61131-3",
publisher = "Springer-Verlag",
year = "2001"
}

@ARTICLE{A12,
  AUTHOR =       {C.K. Sünder, A. Zoitl, F. Mehofer and B. Favre-Bulle},
  TITLE =        {Advanced use of PLCopen motion control library for autonomous servo drives in IEC 61499 based automation and control systems},
  JOURNAL =      { Elektrotechnik Und Informationstechnik},
  YEAR =         {2006},
  volume =       {123},
  number =       {5},
  pages =        {191-196}
}

%question
@ARTICLE{A13,
  AUTHOR =       {PLCopen Technical Committee 2},
  TITLE =        {Function Blocks for motion control},
  JOURNAL =      { Elektrotechnik Und Informationstechnik},
  YEAR =         {2006},
  volume =       {123},
  number =       {5},
  pages =        {191-196}
}


%[30] Johnson D. PLCs maximize machine, motion control [J], CONTROL ENGINEERING. 2005: 51-56.
@ARTICLE{A14,
  AUTHOR =       {Johnson D},
  TITLE =        {PLCs maximize machine, motion control},
  JOURNAL =      {CONTROL ENGINEERING},
  YEAR =         {2005},
  volume =       {123},
  number =       {5},
  pages =        {51-56}
}

% [32] Programmable Controller, SYSMAC CJ-series, Motion Control Unit, CJ1W-MCH71, OPERATION MANUAL, OMRON, 2004.
%[33] Programmable Controller, SYSMAC CS-series, Motion Control Unit, CS1W- MCH71, OPERATION MANUAL, OMRON, 2004.
%[34] OMRON Co.Ltd CS1W-MC221(-V1)/MC421(-V1) Motion Control Units. Operation Mannual 2004.

@article{OMRON2006,
  title={CS1W-MC221(-V1)/MC421(-V1) Motion Control Units.},
  author={OMRON Co.Ltd},
  journal={Operation Mannual},
  year={2004},
}

@article{A18,
  title={A Programmable Logic Controller to Control Two Axis Sun Tracking System},
  author={Mamlook, Rustom and Nijmeh, Salem and Abdallah, Salah M.},
  journal={Information Technology Journal},
  volume={5},
  number={6},
  year={2006},
}
@INPROCEEDINGS{A19,
  author =       {EI Din, Ashraf Salah EI Din Zien},
  title =        {PLC-based speed control of DC motor},
  booktitle =    {IPEMC 2006: CES/IEEE 5th Intenational Power Electronics and Motion Control Conference},
  year =         {2007},
  volume =       {2},
  pages =        {848-852}
}

@ARTICLE{A20,
  AUTHOR =       {Ioannides, Maria G},
  TITLE =        {Design and implementation of PLC-based monitoring control system for induction motor},
  JOURNAL =      {IEEE Transactions on Energy Conversion},
  YEAR =         {2004},
  volume =       {19},
  number =       {3},
  pages =        {469-476}
}


@INPROCEEDINGS{A21,
  author =       {Syaichu-Rohman A and Sirius R},
  title =        {Model Predictive Control Implementation on a Programmable Logic Controller for DC Motor Speed Control},
  booktitle =    {International Conference on Electrical Engineering and Informatics},
  year =         {2011},
  series =       {C6-1},
  pages =        {1-4},
  address =      {Bandung, Indonesia},
  organization = {IEEE}
}

@INPROCEEDINGS{A22,
  author =       {Nowlin and Brent C},
  title =        {A programmable system for motion control},
  booktitle =    {Proceedings of the International Instrumentation Symposium},
  year =         {2003},
  volume =       {49},
  pages =        {87-103}
}

@INPROCEEDINGS{A23,
  author =       {Takeshi AOKI, Tomonori HASHIYAMA, Tadanao ZANMA and Tatsuya SUZUKI and Shigeru OKUMA},
  title =        {Automatic generation of motion sequence in programmabel logic control},
  booktitle =    {International Workshop on Advanced Motion Control},
  year =         {2000},
  pages =        {448-452},
  address =      {Nagoya, Japan}
}


@MANUAL{A24,
  title =        {Programmable controller FP2 Positioning Unit Mannual},
  author =       {Panasonic Co.Ltd},
  year =         {2011}
}

@ARTICLE{A25,
  AUTHOR =       {Wagner R},
  TITLE =        {Standard for programmable logic controllers},
  JOURNAL =      {Elektronik},
  YEAR =         {2006},
  volume =       {55},
  number =       {26},
  pages =        {44-49}
}

%[46] Panasonic Co.Ltd, Programmable controller FP Series Programming Mannual. 2011.


@ARTICLE{A26,
  AUTHOR =       {Liu Ya-Dong,Li Cong-Xin, Wang De-Cai,Guo Xin-Gui, Gu Xue-Jun and Gao Zhi-Qin},
  TITLE =        {Position control with programmable logic controller},
  JOURNAL =      {Journal of Shanghai Jiaotong University},
  YEAR =         {2002},
  volume =       {36},
  number =       {4},
  pages =        {491-493}
}

@INPROCEEDINGS{A27,
  author =       {Costea Claudiu, Silaghi Helga, Silaghi Marius and Silaghi Paul},
  title =        {Mill speed control using programmable logic controllers},
  booktitle =    {International Conference on Mathematical Methods and Computational Techniques in electrical Engineering},
  year =         {2010},
  pages =        {26-30},
  address =      {Timisoara, Romania}
}

@ARTICLE{A28,
  AUTHOR =       {Sun Cheng-zhi, Xiong Tian-zhong},
  TITLE =      {Teaching and Playback in Two Axis Motion Control Based on PLC},
  JOURNAL =    {Modular Machine Tool \& Automatic Manufacturing Technique},
  YEAR =       {2010},
  Issue =      {3},
  pages =      {65-67}
}


@article{A29,
  Title = {Design of Position System of Graphite Spraying Machine Based on PLC  Controlling},
  Author = {Jiang Wei-hua and Yan Dong},
  Journal = {Modular Machine Tool \& Automatic Manufacturing Technique},
  Year = {2009},
  Issue = {9},
  Pages = {52-55}
}

@article{A30,
  Title = {Making CNC machine tools more open, interoperable and intelligent—a review of the technologies},
  Author = {X.W. Xu and Stephen T. Newman.},
  Journal = {Computers in Industry},
  Year = {2006},
  Issue = {57},
  Pages = {141-152}
}

@article{A31,
  Title = {Process control in CNC manufacturing for discrete components: A STEP-NC compliant framework},
  Author = {Sanjeev Kumar, Aydin Nassehi and Stephen T. Newman,etc.},
  Journal = {Robotics and Computer-Integrated Manufacturing},
  Year = {2007},
  Issue = {23},
  Pages = {667–676}
}

@article{A32,
  Title = {A novel open CNC architecture based on STEP-NC data model and IEC 61499 function blocks},
  Author = {M. Minhat , V.Vyatkin and X.Xua,etc},
  Journal = {Robotics and Computer-Integrated Manufacturing},
  Year = {2009},
  volume = {25},
  Pages = {560-569}
}

@article{A33,
  Title = {Open architecture of CNC system research based on CAD graph-driven technology},
  Author = {Pengfei Li , Tao Gao and Jianping Wang,etc},
  Journal = {Robotics and Computer-Integrated Manufacturing},
  Year = {2010},
  volume = {26},
  Pages = {720-724}
}
@article{A34,
  Title = {Towards Industrial Formal Specification of Programmable Safety Systems},
  Author = {Oscar Ljungkrantz, Knut Akesson, Chengyin Yuan and Martin Fabian},
  Journal = {IEEE Transactions on Control Systems Technology},
  Year = {2012},
  volume = {20},
  number = {6},
  Pages = {1567-1574}
}
@ARTICLE{A35,
author={N. Motoi and T. Shimono and R. Kubo and A. Kawamura},
journal={IEEE Transactions on Industrial Electronics},
title={Task Realization by a Force-Based Variable Compliance Controller for Flexible Motion Control Systems},
year={2014},
volume={61},
number={2},
pages={1009-1021},
month={Feb}}
@ARTICLE{A36,
author={E. Sariyildiz and G. Chen and H. Yu},
journal={IEEE Transactions on Industrial Electronics},
title={An Acceleration-Based Robust Motion Controller Design for a Novel Series Elastic Actuator},
year={2016},
volume={63},
number={3},
pages={1900-1910},
month={March}}
@ARTICLE{A37,
author={H. Kang and K. Kim and H. W. Jin},
journal={IEEE Transactions on Industrial Informatics},
title={Real-Time Software Pipelining for Multidomain Motion Controllers},
year={2016},
volume={12},
number={2},
pages={705-715},
month={April}}
@ARTICLE{A38,
author={K. Jezernik and R. Horvat and J. Harnik},
journal={IEEE Industrial Electronics Magazine},
title={Finite-State Machine Motion Controller: Servo Drives},
year={2012},
volume={6},
number={3},
pages={13-23},
month={Sept}}
@ARTICLE{A39,
author={R. J. Lian},
journal={IEEE Transactions on Industrial Electronics},
title={Intelligent Controller for Robotic Motion Control},
year={2011},
volume={58},
number={11},
pages={5220-5230},
month={Nov}}
@ARTICLE{A40,
author={Yan Yi and Zhang Hangping},
journal={Computers in Industry},
title={Compiling Ladder Diagram into Instruction List to comply with IEC 61131-3},
year={2010},
volume={61},
number={5},
pages={448-462}}


@article{
A41,
   Author = {Caldwell, Ben and Cardell-Oliver, Rachel and French, Tim},
   Title = {Learning Time Delay Mealy Machines From Programmable Logic Controllers},
   Journal = {IEEE Transactions on Automation Science and Engineering},
   Volume = {13},
   Number = {2},
   Pages = {1155-1164},
   Year = {2016} }




@article{
A42,
   Author = {Zhang, Hehua and Jiang, Yu and Hung, William N. N. and Song, Xiaoyu and Gu, Ming and Sun, Jiaguang},
   Title = {Symbolic Analysis of Programmable Logic Controllers},
   Journal = {IEEE Transactions on Computers},
   Volume = {63},
   Number = {10},
   Pages = {2563-2575},
   Year = {2014} }




@article{
A43,
   Author = {Obermeier, Martin and Braun, Steven and Vogel-Heuser, Birgit},
   Title = {A Model-Driven Approach on Object-Oriented PLC Programming for Manufacturing Systems with Regard to Usability},
   Journal = {IEEE Transactions on Industrial Informatics},
   Volume = {11},
   Number = {3},
   Pages = {790-800},
   Year = {2015} }




@article{
A44,
   Author = {Fernandez Adiego, Borja and Darvas, Daniel and Vinuela, Enrique Blanco and Tournier, Jean-Charles and Bliudze, Simon and Blech, Jan Olaf and Gonzalez Suarez, Victor Manuel},
   Title = {Applying Model Checking to Industrial-Sized PLC Programs},
   Journal = {IEEE Transactions on Industrial Informatics},
   Volume = {11},
   Number = {6},
   Pages = {1400-1410},
   Year = {2015} }




@article{
A45,
   Author = {Provost, Julien and Roussel, Jean-Marc and Faure, Jean-Marc},
   Title = {Generation of Single Input Change Test Sequences for Conformance Test of Programmable Logic Controllers},
   Journal = {IEEE Transactions on Industrial Informatics},
   Volume = {10},
   Number = {3},
   Pages = {1696-1704},
   Year = {2014} }




@article{
A46,
   Author = {Dai, Wenbin and Dubinin, Victor N. and Vyatkin, Valeriy},
   Title = {Migration From PLC to IEC 61499 Using Semantic Web Technologies},
   Journal = {IEEE Transactions on Systems, Man, and Cybernetics: Systems},
   Volume = {44},
   Number = {3},
   Pages = {277-291},
   Year = {2014} }


@article{
A47,
   Author = {Canedo, Arquimedes and Ludwig, Hartmut and Al Faruque, Mohammad Abdullah},
   Title = {High Communication Throughput and Low Scan Cycle Time with Multi/Many-Core Programmable Logic Controllers},
   Journal = {IEEE Embedded Systems Letters},
   Volume = {6},
   Number = {2},
   Pages = {21-24},
   Year = {2014} }


@article{
A48,
   Author = {Ramesh, R. and Jyothirmai, S. and Lavanya, K.},
   Title = {Intelligent automation of design and manufacturing in machine tools using an open architecture motion controller},
   Journal = {Journal of Manufacturing Systems},
   Volume = {32},
   Number = {1},
   Pages = {248-259},
   Year = {2013} }

  @article{3S2017,
  title={Logic and motion control integrated in one IEC 61131-3 system:Development kit for convenient engineering of motion, CNC and robot applications.},
  author={Smart Software Solutions GmbH},
  year={2017},
}
@article{Huifeng2015A,
  title={A Method of Introducing CAD to ePLC for Motion Control},
  author={Huifeng, W. U. and Zhang, Ji and Simon, Rene},
  journal={Ifac Papersonline},
  volume={48},
  number={3},
  pages={1580-1585},
  year={2015},
}