@article{Kazmierkowski2007Integration,
  title={Integration Technologies for Industrial Automated Systems (Zurawski, R., Ed.; 2006) [Book Reviews]},
  author={Kazmierkowski, M. P},
  journal={IEEE Industrial Electronics Magazine},
  volume={1},
  number={1},
  pages={51-52},
  year={2007},
}


@article{Chekired2018Industrial,
  title={Industrial IoT Data Scheduling based on Hierarchical Fog Computing: A key for Enabling Smart Factory},
  author={Chekired, Djabir Abdeldjalil and Khoukhi, Lyes and Mouftah, Hussein T.},
  journal={IEEE Transactions on Industrial Informatics},
  volume={PP},
  number={99},
  pages={1-1},
  year={2018},
}

@article{Wan2018An,
  title={An Ontology-based Resource Reconfiguration Method for Manufacturing Cyber-Physical Systems},
  author={Wan, Jiafu and Yin, Boxing and Li, Di and Celesti, Antonio and Tao, Fei and Hua, Qingsong},
  journal={IEEE/ASME Transactions on Mechatronics},
  volume={PP},
  number={99},
  pages={1-1},
  year={2018},
}




@article{Colombo2006An,
  title={An agent-based intelligent control platform for industrial holonic manufacturing systems},
  author={Colombo, A. W. and Schoop, R. and Neubert, R.},
  journal={IEEE Transactions on Industrial Electronics},
  volume={53},
  number={1},
  pages={322-337},
  year={2006},
}
@article{Vaccaro2010An,
  title={An Integrated Framework for Smart Microgrids Modeling, Monitoring, Control, Communication, and Verification},
  author={Vaccaro, Alfredo and Popov, Marjan and Villacci, Domenico and Terzija, Vladimir},
  journal={Proceedings of the IEEE},
  volume={99},
  number={1},
  pages={119-132},
  year={2010},
}
@article{Dean2017Integration,
  title={Integration of Robotic Technologies for Rapidly Deployable Robots},
  author={Dean, Emmanuel and Amaro, Karinne Ramirez and Bergner, Florian and Dianov, Ilya and Cheng, Gordon},
  journal={IEEE Transactions on Industrial Informatics},
  volume={PP},
  number={99},
  pages={1-1},
  year={2017},
}








@article{Feng2002Integrating,
  title={Integrating embedded PC and Internet technologies for real-time control and imaging},
  author={Feng, Xin and Velinsky, S. A and Hong, Daehie},
  journal={IEEE/ASME Transactions on Mechatronics},
  volume={7},
  number={1},
  pages={52-60},
  year={2002},
}

@article{Chang2006Motion,
  title={Motion Control Firmware for High-Speed Robotic Systems},
  author={Chang, T. N. and Cheng, B. and Sriwilaijaroen, P.},
  journal={IEEE Transactions on Industrial Electronics},
  volume={53},
  number={5},
  pages={1713-1722},
  year={2006},
}

@article{Feng2005Practical,
  title={Practical, Interactive, and Object-Oriented Machine Vision for Highway Crack Sealing},
  author={Feng, Xin and Mathurin, Rene and Velinsky, Steven A.},
  journal={Journal of Transportation Engineering},
  volume={131},
  number={6},
  pages={451-459},
  year={2005},
}



@article{Hu2017Fog,
  title={Fog Computing Based Face Identification and Resolution Scheme in Internet of Things},
  author={Hu, Pengfei and Ning, Huansheng and Qiu, Tie and Zhang, Yanfei and Luo, Xiong},
  journal={IEEE Transactions on Industrial Informatics},
  volume={13},
  number={4},
  pages={1910-1920},
  year={2017},
}
@article{Hou2018Green,
  title={Green Survivable Collaborative Edge Computing in Smart Cities},
  author={Hou, Weigang and Ning, Zhaolong and Guo, Lei},
  journal={IEEE Transactions on Industrial Informatics},
  volume={PP},
  number={99},
  pages={1-1},
  year={2018},
}

@article{PaceAn,
  title={An Edge-based Architecture to Support Efficient Applications for Healthcare Industry 4.0},
  author={Pace, Pasquale and Aloi, Gianluca and Gravina, Raffaele and Caliciuri, Giuseppe and Fortino, Giancarlo and Liotta, Antonio},
  journal={IEEE Transactions on Industrial Informatics},
  volume={PP},
  number={99},
  pages={1-1},
}

@article{WuA,
  title={A Customized Real-time Compilation for Motion Control in Embedded PLCs},
  author={Wu, Huifeng and Yan, Yi and Sun, Danfeng and Rene, Simon},
  journal={IEEE Transactions on Industrial Informatics},
  volume={PP},
  number={99},
  pages={1-1},
}

%unmanned  Aerial Vehicle
@article{Guenard2010A,
  title={A Practical Visual Servo Control for an Unmanned Aerial Vehicle},
  author={Guenard, Nicolas and Hamel, Tarek and Mahony, Robert},
  journal={IEEE Transactions on Robotics},
  volume={24},
  number={2},
  pages={331-340},
  year={2010},
}

@article{Serra2016Landing,
  title={Landing of a Quadrotor on a Moving Target Using Dynamic Image-Based Visual Servo Control},
  author={Serra, Pedro and Cunha, Rita and Hamel, Tarek and Cabecinhas, David and Silvestre, Carlos},
  journal={IEEE Transactions on Robotics},
  volume={32},
  number={6},
  pages={1524-1535},
  year={2016},
}

%robot   cloud system


@article{Wu2013Cloud,
  title={Cloud-Based Networked Visual Servo Control},
  author={Wu, Haiyan and Lou, Lei and Chen, Chih Chung and Hirche, Sandra and Kuhnlenz, Kolja},
  journal={IEEE Transactions on Industrial Electronics},
  volume={60},
  number={2},
  pages={554-566},
  year={2013},
}
@article{Tsai2017A,
  title={A Hybrid Switched Reactive-Based Visual Servo Control of 5-DOF Robot Manipulators for Pick-and-Place Tasks},
  author={Tsai, Chi Yi and Wong, Ching Chang and Yu, Chia Jun and Liu, Chih Cheng and Liu, Tsung Yen},
  journal={IEEE Systems Journal},
  volume={9},
  number={1},
  pages={119-130},
  year={2017},
}
%AGV
@article{Xing2014Intersection,
  title={Intersection Recognition and Guide-path Selection for a Vision-based AGV in a Bidirectional Flow Network},
  author={Xing, Wu and Lou, Peihuang and Yu, Jun and Qian, Xiaoming and Tang, Dunbing},
  journal={International Journal of Advanced Robotic Systems},
  volume={11},
  number={1},
  pages={1},
  year={2014},
}
%
@article{Nian2005An,
  title={An auto-alignment vision system with three-axis motion control mechanism},
  author={Nian, C. Y. and Tarng, Y. S.},
  journal={International Journal of Advanced Manufacturing Technology},
  volume={26},
  number={9-10},
  pages={1121-1131},
  year={2005},
}

%welding
@article{Chen2014A,
  title={A robust visual servo control system for narrow seam double head welding robot},
  author={Chen, Haiyong and Liu, Kun and Xing, Guansheng and Dong, Yan and Sun, Hexu and Lin, Wei},
  journal={International Journal of Advanced Manufacturing Technology},
  volume={71},
  number={9-12},
  pages={1849-1860},
  year={2014},
}
%assembly
@inproceedings{Wang2008Visual,
  title={Visual servo control and parameter calibration for mobile multi-robot cooperative assembly tasks},
  author={Wang, Ying and Lang, Haoxiang and Silva, Clarence W. De},
  booktitle={IEEE International Conference on Automation and Logistics},
  pages={635-639},
  year={2008},
}
@article{Xiao2014Visual,
  title={Visual Servo Feedback Control of a Novel Large Working Range Micro Manipulation System for Microassembly},
  author={Xiao, Shunli and Li, Yangmin},
  journal={Journal of Microelectromechanical Systems},
  volume={23},
  number={1},
  pages={181-190},
  year={2014},
}

%sorting
@article{Sun2013Automatic,
  title={Automatic Button Cell Sorting Manipulator System Research Based on Visual Servo Control},
  author={Sun, Ling Yu and Yuan, Guang Ming and Zhang, Jun and Liu, Zhe and Sun, Li Xin},
  journal={Advanced Materials Research},
  volume={712-715},
  pages={2285-2289},
  year={2013},
}


%PLC
@article{Hossain2014Advanced,
  title={Advanced control software framework for process control applications},
  author={Hossain, Shazzat and Hussain, M. A. and Omar, Rosli Bin},
  journal={International Journal of Computational Intelligence Systems},
  volume={7},
  number={1},
  pages={37-49},
  year={2014},
}

@article{Obermeier2015A,
  title={A Model-Driven Approach on Object-Oriented PLC Programming for Manufacturing Systems with Regard to Usability},
  author={Obermeier, Martin and Braun, Steven and Vogel-Heuser, Birgit},
  journal={IEEE Transactions on Industrial Informatics},
  volume={11},
  number={3},
  pages={790-800},
  year={2015},
}
@article{Adiego2015Applying,
  title={Applying Model Checking to Industrial-Sized PLC Programs},
  author={Adiego, Borja Fernández and Darvas, Dániel and Viñuela, Enrique Blanco and Tournier, Jean Charles and Bliudze, Simon and Blech, Jan Olaf and Suárez, Víctor Manuel González},
  journal={IEEE Transactions on Industrial Informatics},
  volume={11},
  number={6},
  pages={1400-1410},
  year={2015},
}



@article{Gerk2006Advanced,
  title={Advanced control algorithms embedded in a programmable logic controller},
  author={Gerkšič, Samo and Dolanc, Gregor and Vrančić, Damir and Kocijan, Juš and Strmčnik, Stanko and Blažič, Sašo and Škrjanc, Igor and Marinšek, Zoran and Božiček, Miha and Stathaki, Anna},
  journal={Control Engineering Practice},
  volume={14},
  number={8},
  pages={935-948},
  year={2006},
}


@article{Hajduk2015Architecture,
  title={Architecture of FPGA Embedded Multiprocessor Programmable Controller},
  author={Hajduk, Zbigniew and Trybus, Bartosz and Sadolewski, Jan},
  journal={IEEE Transactions on Industrial Electronics},
  volume={62},
  number={5},
  pages={2952-2961},
  year={2015},
}

@article{Dominic2016PLC,
  title={PLC-based Real-time Realization of Flatness-Based Feedforward Control for Industrial Compression Systems},
  author={Dominic, Shane and Lohr, Yannik and Schwung, Andreas and Ding, Steven X.},
  journal={IEEE Transactions on Industrial Electronics},
  volume={PP},
  number={99},
  pages={1-1},
  year={2016},
}

@article{WuA,
  title={A Customized Real-time Compilation for Motion Control in Embedded PLCs},
  author={Wu, Huifeng and Yan, Yi and Sun, Danfeng and Rene, Simon},
  journal={IEEE Transactions on Industrial Informatics},
  volume={PP},
  number={99},
  pages={1-1},
}

%PLC Motion Control
@article{Ioannides2004Design,
  title={Design and implementation of PLC-based monitoring control system for induction motor},
  author={Ioannides, M. G.},
  journal={IEEE Transactions on Energy Conversion},
  volume={19},
  number={3},
  pages={469-476},
  year={2004},
}
@article{Shi2016The,
  title={The Research of Circular Interpolation Motion Control Based on Rectangular Coordinate Robot},
  author={Shi, Xiu Min and Fei, Wei Jie and Deng, San Peng},
  journal={Key Engineering Materials},
  volume={693},
  pages={1792-1798},
  year={2016},
}
@article{Fang2017Design,
  title={Design and research of multi axis motion control system based on PLC},
  author={Fang, N.},
  journal={Academic Journal of Manufacturing Engineering},
  volume={15},
  number={1},
  pages={17-23},
  year={2017},
}

@inproceedings{syaichu2011model,
  title={Model predictive control implementation on a programmable logic controller for DC motor speed control},
  author={Syaichu-Rohman, Arief and Sirius, Raphael},
  booktitle={Electrical Engineering and Informatics (ICEEI), 2011 International Conference on},
  pages={1--4},
  year={2011},
  organization={IEEE}
}



@article{S2006Advanced,
  title={Advanced use of PLCopen motion control library for autonomous servo drives in IEC 61499 based automation and control systems},
  author={Sünder, C. and Zoitl, A. and Mehofer, F. and Favre-Bulle, B.},
  journal={E \& I Elektrotechnik Und Informationstechnik},
  volume={123},
  number={5},
  pages={191-196},
  year={2006},
}


 @article{3S2017Logic,
  title={Logic and motion control integrated in one IEC 61131-3 system:Development kit for convenient engineering of motion, CNC and robot applications.},
  author={Smart Software Solutions GmbH},
  year={2017},
}




